% Encoding: UTF-8

@Electronic{Korf1985,
  author = {Richard E. Korf},
  year   = {1985},
  title  = {Depth-First Iterative-Deepening: An Optimal Admissible Tree Search},
  url    = {http://cs.sun.ac.za/~kroon/search/resources/korf85depth-first.pdf},
}

@Comment{jabref-meta: databaseType:bibtex;}
